%YAML 1.1
%TAG !u! tag:unity3d.com,2011:
--- !u!1 &507611960664846724
GameObject:
  m_ObjectHideFlags: 0
  m_CorrespondingSourceObject: {fileID: 0}
  m_PrefabInstance: {fileID: 0}
  m_PrefabAsset: {fileID: 0}
  serializedVersion: 6
  m_Component:
  - component: {fileID: 507611960664846725}
  m_Layer: 0
  m_Name: Tip
  m_TagString: Untagged
  m_Icon: {fileID: 0}
  m_NavMeshLayer: 0
  m_StaticEditorFlags: 0
  m_IsActive: 1
--- !u!4 &507611960664846725
Transform:
  m_ObjectHideFlags: 0
  m_CorrespondingSourceObject: {fileID: 0}
  m_PrefabInstance: {fileID: 0}
  m_PrefabAsset: {fileID: 0}
  m_GameObject: {fileID: 507611960664846724}
  m_LocalRotation: {x: 0, y: 0, z: 0, w: 1}
  m_LocalPosition: {x: -0.7178781, y: -0.0000000016252104, z: -0.00000036801237}
  m_LocalScale: {x: 1, y: 1, z: 1}
  m_Children: []
  m_Father: {fileID: 507611960864863680}
  m_RootOrder: 0
  m_LocalEulerAnglesHint: {x: 0, y: 0, z: 0}
--- !u!1 &507611960737392195
GameObject:
  m_ObjectHideFlags: 0
  m_CorrespondingSourceObject: {fileID: 0}
  m_PrefabInstance: {fileID: 0}
  m_PrefabAsset: {fileID: 0}
  serializedVersion: 6
  m_Component:
  - component: {fileID: 507611960737392196}
  - component: {fileID: 507611960737392200}
  - component: {fileID: 507611960737392199}
  - component: {fileID: 507611960737392198}
  - component: {fileID: 507611960737392197}
  m_Layer: 0
  m_Name: HPTextMeshPro
  m_TagString: Untagged
  m_Icon: {fileID: 0}
  m_NavMeshLayer: 0
  m_StaticEditorFlags: 0
  m_IsActive: 1
--- !u!224 &507611960737392196
RectTransform:
  m_ObjectHideFlags: 0
  m_CorrespondingSourceObject: {fileID: 0}
  m_PrefabInstance: {fileID: 0}
  m_PrefabAsset: {fileID: 0}
  m_GameObject: {fileID: 507611960737392195}
  m_LocalRotation: {x: 0, y: 1, z: 0, w: 0}
  m_LocalPosition: {x: 0, y: 0, z: 0.268}
  m_LocalScale: {x: 1, y: 1, z: 1}
  m_Children: []
  m_Father: {fileID: 507611962183933938}
  m_RootOrder: 2
  m_LocalEulerAnglesHint: {x: 0, y: 180, z: 0}
  m_AnchorMin: {x: 0.5, y: 0.5}
  m_AnchorMax: {x: 0.5, y: 0.5}
  m_AnchoredPosition: {x: 0, y: 0.105}
  m_SizeDelta: {x: 20, y: 5}
  m_Pivot: {x: 0.5, y: 0.5}
--- !u!23 &507611960737392200
MeshRenderer:
  m_ObjectHideFlags: 0
  m_CorrespondingSourceObject: {fileID: 0}
  m_PrefabInstance: {fileID: 0}
  m_PrefabAsset: {fileID: 0}
  m_GameObject: {fileID: 507611960737392195}
  m_Enabled: 1
  m_CastShadows: 0
  m_ReceiveShadows: 0
  m_DynamicOccludee: 1
  m_MotionVectors: 1
  m_LightProbeUsage: 1
  m_ReflectionProbeUsage: 1
  m_RenderingLayerMask: 1
  m_RendererPriority: 0
  m_Materials:
  - {fileID: 21240564448776812, guid: fc76785d79548d44cbd0b2b7803e8820, type: 2}
  m_StaticBatchInfo:
    firstSubMesh: 0
    subMeshCount: 0
  m_StaticBatchRoot: {fileID: 0}
  m_ProbeAnchor: {fileID: 0}
  m_LightProbeVolumeOverride: {fileID: 0}
  m_ScaleInLightmap: 1
  m_PreserveUVs: 0
  m_IgnoreNormalsForChartDetection: 0
  m_ImportantGI: 0
  m_StitchLightmapSeams: 0
  m_SelectedEditorRenderState: 3
  m_MinimumChartSize: 4
  m_AutoUVMaxDistance: 0.5
  m_AutoUVMaxAngle: 89
  m_LightmapParameters: {fileID: 0}
  m_SortingLayerID: 0
  m_SortingLayer: 0
  m_SortingOrder: 0
--- !u!33 &507611960737392199
MeshFilter:
  m_ObjectHideFlags: 0
  m_CorrespondingSourceObject: {fileID: 0}
  m_PrefabInstance: {fileID: 0}
  m_PrefabAsset: {fileID: 0}
  m_GameObject: {fileID: 507611960737392195}
  m_Mesh: {fileID: 0}
--- !u!222 &507611960737392198
CanvasRenderer:
  m_ObjectHideFlags: 0
  m_CorrespondingSourceObject: {fileID: 0}
  m_PrefabInstance: {fileID: 0}
  m_PrefabAsset: {fileID: 0}
  m_GameObject: {fileID: 507611960737392195}
  m_CullTransparentMesh: 0
--- !u!114 &507611960737392197
MonoBehaviour:
  m_ObjectHideFlags: 0
  m_CorrespondingSourceObject: {fileID: 0}
  m_PrefabInstance: {fileID: 0}
  m_PrefabAsset: {fileID: 0}
  m_GameObject: {fileID: 507611960737392195}
  m_Enabled: 1
  m_EditorHideFlags: 0
  m_Script: {fileID: 11500000, guid: 9541d86e2fd84c1d9990edf0852d74ab, type: 3}
  m_Name: 
  m_EditorClassIdentifier: 
  m_Material: {fileID: 0}
  m_Color: {r: 1, g: 1, b: 1, a: 1}
  m_RaycastTarget: 1
  m_OnCullStateChanged:
    m_PersistentCalls:
      m_Calls: []
    m_TypeName: UnityEngine.UI.MaskableGraphic+CullStateChangedEvent, UnityEngine.UI,
      Version=1.0.0.0, Culture=neutral, PublicKeyToken=null
  m_text: 999
  m_isRightToLeft: 0
  m_fontAsset: {fileID: 11400000, guid: fc76785d79548d44cbd0b2b7803e8820, type: 2}
  m_sharedMaterial: {fileID: 21240564448776812, guid: fc76785d79548d44cbd0b2b7803e8820,
    type: 2}
  m_fontSharedMaterials: []
  m_fontMaterial: {fileID: 0}
  m_fontMaterials: []
  m_fontColor32:
    serializedVersion: 2
    rgba: 4278190080
  m_fontColor: {r: 0, g: 0, b: 0, a: 1}
  m_enableVertexGradient: 0
  m_colorMode: 3
  m_fontColorGradient:
    topLeft: {r: 1, g: 1, b: 1, a: 1}
    topRight: {r: 1, g: 1, b: 1, a: 1}
    bottomLeft: {r: 1, g: 1, b: 1, a: 1}
    bottomRight: {r: 1, g: 1, b: 1, a: 1}
  m_fontColorGradientPreset: {fileID: 0}
  m_spriteAsset: {fileID: 0}
  m_tintAllSprites: 0
  m_overrideHtmlColors: 0
  m_faceColor:
    serializedVersion: 2
    rgba: 4294967295
  m_outlineColor:
    serializedVersion: 2
    rgba: 4278190080
  m_fontSize: 3
  m_fontSizeBase: 3
  m_fontWeight: 400
  m_enableAutoSizing: 0
  m_fontSizeMin: 18
  m_fontSizeMax: 72
  m_fontStyle: 0
  m_textAlignment: 514
  m_isAlignmentEnumConverted: 1
  m_characterSpacing: 0
  m_wordSpacing: 0
  m_lineSpacing: 0
  m_lineSpacingMax: 0
  m_paragraphSpacing: 0
  m_charWidthMaxAdj: 0
  m_enableWordWrapping: 1
  m_wordWrappingRatios: 0.4
  m_overflowMode: 0
  m_firstOverflowCharacterIndex: -1
  m_linkedTextComponent: {fileID: 0}
  m_isLinkedTextComponent: 0
  m_isTextTruncated: 0
  m_enableKerning: 1
  m_enableExtraPadding: 0
  checkPaddingRequired: 0
  m_isRichText: 1
  m_parseCtrlCharacters: 1
  m_isOrthographic: 0
  m_isCullingEnabled: 0
  m_ignoreRectMaskCulling: 0
  m_ignoreCulling: 1
  m_horizontalMapping: 0
  m_verticalMapping: 0
  m_uvLineOffset: 0
  m_geometrySortingOrder: 0
  m_firstVisibleCharacter: 0
  m_useMaxVisibleDescender: 1
  m_pageToDisplay: 1
  m_margin: {x: 0, y: 0, z: 0, w: 0}
  m_textInfo:
    textComponent: {fileID: 507611960737392197}
    characterCount: 3
    spriteCount: 0
    spaceCount: 0
    wordCount: 1
    linkCount: 0
    lineCount: 1
    pageCount: 1
    materialCount: 1
  m_havePropertiesChanged: 0
  m_isUsingLegacyAnimationComponent: 0
  m_isVolumetricText: 0
  m_spriteAnimator: {fileID: 0}
  m_isInputParsingRequired: 0
  m_inputSource: 0
  m_hasFontAssetChanged: 0
  m_renderer: {fileID: 507611960737392200}
  m_subTextObjects:
  - {fileID: 0}
  - {fileID: 0}
  - {fileID: 0}
  - {fileID: 0}
  - {fileID: 0}
  - {fileID: 0}
  - {fileID: 0}
  - {fileID: 0}
  m_maskType: 0
--- !u!1 &507611960864863711
GameObject:
  m_ObjectHideFlags: 0
  m_CorrespondingSourceObject: {fileID: 0}
  m_PrefabInstance: {fileID: 0}
  m_PrefabAsset: {fileID: 0}
  serializedVersion: 6
  m_Component:
  - component: {fileID: 507611960864863680}
  - component: {fileID: 507611960864863681}
  m_Layer: 0
  m_Name: PropHand.R
  m_TagString: Untagged
  m_Icon: {fileID: 0}
  m_NavMeshLayer: 0
  m_StaticEditorFlags: 0
  m_IsActive: 1
--- !u!4 &507611960864863680
Transform:
  m_ObjectHideFlags: 0
  m_CorrespondingSourceObject: {fileID: 0}
  m_PrefabInstance: {fileID: 0}
  m_PrefabAsset: {fileID: 0}
  m_GameObject: {fileID: 507611960864863711}
  m_LocalRotation: {x: -0.27095813, y: 0.3431729, z: -0.5647461, w: -0.69991136}
  m_LocalPosition: {x: 0, y: 0, z: 0}
  m_LocalScale: {x: 1.7778231, y: 1.0463974, z: 1.8424579}
  m_Children:
  - {fileID: 507611960664846725}
  m_Father: {fileID: 507611962400456596}
  m_RootOrder: 0
  m_LocalEulerAnglesHint: {x: 0, y: 0, z: 0}
--- !u!114 &507611960864863681
MonoBehaviour:
  m_ObjectHideFlags: 0
  m_CorrespondingSourceObject: {fileID: 0}
  m_PrefabInstance: {fileID: 0}
  m_PrefabAsset: {fileID: 0}
  m_GameObject: {fileID: 507611960864863711}
  m_Enabled: 1
  m_EditorHideFlags: 0
  m_Script: {fileID: 11500000, guid: d5ceb339997c8304e9354d4ce5ddc9da, type: 3}
  m_Name: 
  m_EditorClassIdentifier: 
  _emit: 1
  _emitTime: 0
  _material: {fileID: 2100000, guid: 5f402d1520e5fa74fa21e08f85b71370, type: 2}
  _lifeTime: 0.25
  _colors:
  - {r: 1, g: 0, b: 0, a: 1}
  - {r: 0, g: 1, b: 0.28671312, a: 0.47058824}
  - {r: 0, g: 0.0349648, b: 1, a: 0}
  _sizes: []
  _minVertexDistance: 0.1
  _maxVertexDistance: 10
  _maxAngle: 3
  _autoDestruct: 0
  subdivisions: 4
  _base: {fileID: 507611960864863680}
  _tip: {fileID: 507611960664846725}
--- !u!1 &507611960893087418
GameObject:
  m_ObjectHideFlags: 0
  m_CorrespondingSourceObject: {fileID: 0}
  m_PrefabInstance: {fileID: 0}
  m_PrefabAsset: {fileID: 0}
  serializedVersion: 6
  m_Component:
  - component: {fileID: 507611960893087419}
  - component: {fileID: 507611960893087420}
  - component: {fileID: 507611960893087422}
  - component: {fileID: 507611960893087421}
  m_Layer: 0
  m_Name: gunMuzzle
  m_TagString: Untagged
  m_Icon: {fileID: 0}
  m_NavMeshLayer: 0
  m_StaticEditorFlags: 0
  m_IsActive: 1
--- !u!4 &507611960893087419
Transform:
  m_ObjectHideFlags: 0
  m_CorrespondingSourceObject: {fileID: 0}
  m_PrefabInstance: {fileID: 0}
  m_PrefabAsset: {fileID: 0}
  m_GameObject: {fileID: 507611960893087418}
  m_LocalRotation: {x: 0.7071068, y: 0, z: 0, w: 0.7071068}
  m_LocalPosition: {x: 0.04, y: -1.28, z: 0.64}
  m_LocalScale: {x: 1, y: 1, z: 1}
  m_Children:
  - {fileID: 709539429376692099}
  m_Father: {fileID: 507611960741306487}
  m_RootOrder: 0
  m_LocalEulerAnglesHint: {x: 90, y: 0, z: 0}
--- !u!114 &507611960893087420
MonoBehaviour:
  m_ObjectHideFlags: 0
  m_CorrespondingSourceObject: {fileID: 0}
  m_PrefabInstance: {fileID: 0}
  m_PrefabAsset: {fileID: 0}
  m_GameObject: {fileID: 507611960893087418}
  m_Enabled: 1
  m_EditorHideFlags: 0
  m_Script: {fileID: 11500000, guid: 9d7ea26df8b46824cbbbff68f4b35c6b, type: 3}
  m_Name: 
  m_EditorClassIdentifier: 
  timeBetweenBullets: 0.15
  projectile: {fileID: 1068386900687434585, guid: e845a1cdd8af16e41bf8c5d99353fbee,
    type: 3}
  maxRounds: 40
  startingRounds: 30
  roundsPerShot: 1
  remainingRounds: 0
  shootSound: {fileID: 8300000, guid: 587222987accc3a419c9fa0a7f25bf5f, type: 3}
  reloadSound: {fileID: 8300000, guid: b6a0a9525d860c8449bdccd795f2ea06, type: 3}
--- !u!114 &507611960893087422
MonoBehaviour:
  m_ObjectHideFlags: 0
  m_CorrespondingSourceObject: {fileID: 0}
  m_PrefabInstance: {fileID: 0}
  m_PrefabAsset: {fileID: 0}
  m_GameObject: {fileID: 507611960893087418}
  m_Enabled: 1
  m_EditorHideFlags: 0
  m_Script: {fileID: 11500000, guid: f326edbb477317648a4eec3a3dc73ddb, type: 3}
  m_Name: 
  m_EditorClassIdentifier: 
  damage: 10
  knockBack: 10
  knockBackRadius: 0.5
  meleeRate: 0.5
--- !u!82 &507611960893087421
AudioSource:
  m_ObjectHideFlags: 0
  m_CorrespondingSourceObject: {fileID: 0}
  m_PrefabInstance: {fileID: 0}
  m_PrefabAsset: {fileID: 0}
  m_GameObject: {fileID: 507611960893087418}
  m_Enabled: 1
  serializedVersion: 4
  OutputAudioMixerGroup: {fileID: 0}
  m_audioClip: {fileID: 0}
  m_PlayOnAwake: 1
  m_Volume: 1
  m_Pitch: 1
  Loop: 0
  Mute: 0
  Spatialize: 0
  SpatializePostEffects: 0
  Priority: 128
  DopplerLevel: 1
  MinDistance: 1
  MaxDistance: 500
  Pan2D: 0
  rolloffMode: 0
  BypassEffects: 0
  BypassListenerEffects: 0
  BypassReverbZones: 0
  rolloffCustomCurve:
    serializedVersion: 2
    m_Curve:
    - serializedVersion: 3
      time: 0
      value: 1
      inSlope: 0
      outSlope: 0
      tangentMode: 0
      weightedMode: 0
      inWeight: 0.33333334
      outWeight: 0.33333334
    - serializedVersion: 3
      time: 1
      value: 0
      inSlope: 0
      outSlope: 0
      tangentMode: 0
      weightedMode: 0
      inWeight: 0.33333334
      outWeight: 0.33333334
    m_PreInfinity: 2
    m_PostInfinity: 2
    m_RotationOrder: 4
  panLevelCustomCurve:
    serializedVersion: 2
    m_Curve:
    - serializedVersion: 3
      time: 0
      value: 0
      inSlope: 0
      outSlope: 0
      tangentMode: 0
      weightedMode: 0
      inWeight: 0.33333334
      outWeight: 0.33333334
    m_PreInfinity: 2
    m_PostInfinity: 2
    m_RotationOrder: 4
  spreadCustomCurve:
    serializedVersion: 2
    m_Curve:
    - serializedVersion: 3
      time: 0
      value: 0
      inSlope: 0
      outSlope: 0
      tangentMode: 0
      weightedMode: 0
      inWeight: 0.33333334
      outWeight: 0.33333334
    m_PreInfinity: 2
    m_PostInfinity: 2
    m_RotationOrder: 4
  reverbZoneMixCustomCurve:
    serializedVersion: 2
    m_Curve:
    - serializedVersion: 3
      time: 0
      value: 1
      inSlope: 0
      outSlope: 0
      tangentMode: 0
      weightedMode: 0
      inWeight: 0.33333334
      outWeight: 0.33333334
    m_PreInfinity: 2
    m_PostInfinity: 2
    m_RotationOrder: 4
--- !u!1 &507611961843924992
GameObject:
  m_ObjectHideFlags: 0
  m_CorrespondingSourceObject: {fileID: 0}
  m_PrefabInstance: {fileID: 0}
  m_PrefabAsset: {fileID: 0}
  serializedVersion: 6
  m_Component:
  - component: {fileID: 507611961843924993}
  - component: {fileID: 507611961843924994}
  - component: {fileID: 507611961843924995}
  m_Layer: 0
  m_Name: groundDetector
  m_TagString: Untagged
  m_Icon: {fileID: 0}
  m_NavMeshLayer: 0
  m_StaticEditorFlags: 0
  m_IsActive: 1
--- !u!4 &507611961843924993
Transform:
  m_ObjectHideFlags: 0
  m_CorrespondingSourceObject: {fileID: 0}
  m_PrefabInstance: {fileID: 0}
  m_PrefabAsset: {fileID: 0}
  m_GameObject: {fileID: 507611961843924992}
  m_LocalRotation: {x: -0, y: -0, z: -0, w: 1}
  m_LocalPosition: {x: 0, y: -1.122, z: 0}
  m_LocalScale: {x: 1, y: 1, z: 1}
  m_Children: []
  m_Father: {fileID: 507611962217405666}
  m_RootOrder: 1
  m_LocalEulerAnglesHint: {x: 0, y: 0, z: 0}
--- !u!135 &507611961843924994
SphereCollider:
  m_ObjectHideFlags: 0
  m_CorrespondingSourceObject: {fileID: 0}
  m_PrefabInstance: {fileID: 0}
  m_PrefabAsset: {fileID: 0}
  m_GameObject: {fileID: 507611961843924992}
  m_Material: {fileID: 0}
  m_IsTrigger: 1
  m_Enabled: 1
  serializedVersion: 2
  m_Radius: 0.1
  m_Center: {x: 0, y: 0, z: 0}
--- !u!114 &507611961843924995
MonoBehaviour:
  m_ObjectHideFlags: 0
  m_CorrespondingSourceObject: {fileID: 0}
  m_PrefabInstance: {fileID: 0}
  m_PrefabAsset: {fileID: 0}
  m_GameObject: {fileID: 507611961843924992}
  m_Enabled: 1
  m_EditorHideFlags: 0
  m_Script: {fileID: 11500000, guid: 46946657263879e4586106c3d105c9a1, type: 3}
  m_Name: 
  m_EditorClassIdentifier: 
  grounded: 0
--- !u!1 &507611961932444512
GameObject:
  m_ObjectHideFlags: 0
  m_CorrespondingSourceObject: {fileID: 0}
  m_PrefabInstance: {fileID: 0}
  m_PrefabAsset: {fileID: 0}
  serializedVersion: 6
  m_Component:
  - component: {fileID: 507611961932444513}
  m_Layer: 0
  m_Name: Weapons
  m_TagString: Untagged
  m_Icon: {fileID: 0}
  m_NavMeshLayer: 0
  m_StaticEditorFlags: 0
  m_IsActive: 1
--- !u!4 &507611961932444513
Transform:
  m_ObjectHideFlags: 0
  m_CorrespondingSourceObject: {fileID: 0}
  m_PrefabInstance: {fileID: 0}
  m_PrefabAsset: {fileID: 0}
  m_GameObject: {fileID: 507611961932444512}
  m_LocalRotation: {x: 0, y: 0, z: 0, w: 1}
  m_LocalPosition: {x: 0, y: 0, z: 0}
  m_LocalScale: {x: 1, y: 1, z: 1}
  m_Children:
  - {fileID: 507611960718030490}
  - {fileID: 507611960741306487}
  m_Father: {fileID: 507611962183933926}
  m_RootOrder: 0
  m_LocalEulerAnglesHint: {x: 0, y: 0, z: 0}
--- !u!1 &507611962217405693
GameObject:
  m_ObjectHideFlags: 0
  m_CorrespondingSourceObject: {fileID: 0}
  m_PrefabInstance: {fileID: 0}
  m_PrefabAsset: {fileID: 0}
  serializedVersion: 6
  m_Component:
  - component: {fileID: 507611962217405666}
  - component: {fileID: 507611962217405695}
  - component: {fileID: 507611962217405694}
  - component: {fileID: 507611962217405667}
  - component: {fileID: 507611962217405668}
  - component: {fileID: 507611962217405664}
  - component: {fileID: 507611962217405665}
  m_Layer: 9
  m_Name: RunningCharacter_Player
  m_TagString: Player
  m_Icon: {fileID: 0}
  m_NavMeshLayer: 0
  m_StaticEditorFlags: 0
  m_IsActive: 1
--- !u!4 &507611962217405666
Transform:
  m_ObjectHideFlags: 0
  m_CorrespondingSourceObject: {fileID: 0}
  m_PrefabInstance: {fileID: 0}
  m_PrefabAsset: {fileID: 0}
  m_GameObject: {fileID: 507611962217405693}
  m_LocalRotation: {x: 0, y: 0, z: 0, w: 1}
  m_LocalPosition: {x: -1, y: 1, z: 0}
  m_LocalScale: {x: 1, y: 1, z: 1}
  m_Children:
  - {fileID: 507611962183933938}
  - {fileID: 507611961843924993}
  m_Father: {fileID: 0}
  m_RootOrder: 0
  m_LocalEulerAnglesHint: {x: 0, y: 0, z: 0}
--- !u!136 &507611962217405695
CapsuleCollider:
  m_ObjectHideFlags: 0
  m_CorrespondingSourceObject: {fileID: 0}
  m_PrefabInstance: {fileID: 0}
  m_PrefabAsset: {fileID: 0}
  m_GameObject: {fileID: 507611962217405693}
  m_Material: {fileID: 13400000, guid: d8ecf30f08ce4f44d8d84794218f751f, type: 2}
  m_IsTrigger: 0
  m_Enabled: 1
  m_Radius: 0.3
  m_Height: 2
  m_Direction: 1
  m_Center: {x: 0, y: 0, z: 0}
--- !u!54 &507611962217405694
Rigidbody:
  m_ObjectHideFlags: 0
  m_CorrespondingSourceObject: {fileID: 0}
  m_PrefabInstance: {fileID: 0}
  m_PrefabAsset: {fileID: 0}
  m_GameObject: {fileID: 507611962217405693}
  serializedVersion: 2
  m_Mass: 1
  m_Drag: 0
  m_AngularDrag: 0
  m_UseGravity: 1
  m_IsKinematic: 0
  m_Interpolate: 0
  m_Constraints: 112
  m_CollisionDetection: 0
--- !u!114 &507611962217405667
MonoBehaviour:
  m_ObjectHideFlags: 0
  m_CorrespondingSourceObject: {fileID: 0}
  m_PrefabInstance: {fileID: 0}
  m_PrefabAsset: {fileID: 0}
  m_GameObject: {fileID: 507611962217405693}
  m_Enabled: 1
  m_EditorHideFlags: 0
  m_Script: {fileID: 11500000, guid: 260cb1f5da0dd0d428ea28f013e969cb, type: 3}
  m_Name: 
  m_EditorClassIdentifier: 
  acceleration: 10
  initialVelocity: 7
  maximumVelocity: 20
  jumpForce: 9.5
  jumpAirResistance: 80
  extraGravity: 10
  timeBetweenAcceleration: 0.3
  changeLaneTime: 15
  lanePoints:
  - {fileID: 0}
  - {fileID: 0}
  - {fileID: 0}
  currentLaneIndex: 0
  previousLaneIndex: 0
  canMove: 1
  targetLanePoint: {fileID: 0}
--- !u!114 &507611962217405668
MonoBehaviour:
  m_ObjectHideFlags: 0
  m_CorrespondingSourceObject: {fileID: 0}
  m_PrefabInstance: {fileID: 0}
  m_PrefabAsset: {fileID: 0}
  m_GameObject: {fileID: 507611962217405693}
  m_Enabled: 1
  m_EditorHideFlags: 0
  m_Script: {fileID: 11500000, guid: af07759cea8d1e7408e9eebfe3fd9ccd, type: 3}
  m_Name: 
  m_EditorClassIdentifier: 
  swipeHorizontalAxis: 0
  swipeVerticalAxis: 0
--- !u!114 &507611962217405664
MonoBehaviour:
  m_ObjectHideFlags: 0
  m_CorrespondingSourceObject: {fileID: 0}
  m_PrefabInstance: {fileID: 0}
  m_PrefabAsset: {fileID: 0}
  m_GameObject: {fileID: 507611962217405693}
  m_Enabled: 1
  m_EditorHideFlags: 0
  m_Script: {fileID: 11500000, guid: 8ea242c96348546479b8a3aef553251a, type: 3}
  m_Name: 
  m_EditorClassIdentifier: 
  maxHP: 5
  currentHP: 5
  HPSlider: {fileID: 0}
  HPText: {fileID: 507611960737392197}
--- !u!114 &507611962217405665
MonoBehaviour:
  m_ObjectHideFlags: 0
  m_CorrespondingSourceObject: {fileID: 0}
  m_PrefabInstance: {fileID: 0}
  m_PrefabAsset: {fileID: 0}
  m_GameObject: {fileID: 507611962217405693}
  m_Enabled: 1
  m_EditorHideFlags: 0
  m_Script: {fileID: 11500000, guid: 1f6927d8223e79f47bc95219587a8358, type: 3}
  m_Name: 
  m_EditorClassIdentifier: 
--- !u!1001 &507611960594542298
PrefabInstance:
  m_ObjectHideFlags: 0
  serializedVersion: 2
  m_Modification:
    m_TransformParent: {fileID: 507611961932444513}
    m_Modifications:
    - target: {fileID: 8270419655150311075, guid: a15a48a3fda1f534aae2f5641616ad91,
        type: 3}
      propertyPath: m_Name
      value: Ak-47
      objectReference: {fileID: 0}
    - target: {fileID: 145512512, guid: a15a48a3fda1f534aae2f5641616ad91, type: 3}
      propertyPath: m_LocalPosition.x
      value: 0.091
      objectReference: {fileID: 0}
    - target: {fileID: 145512512, guid: a15a48a3fda1f534aae2f5641616ad91, type: 3}
      propertyPath: m_LocalPosition.y
      value: 0.153
      objectReference: {fileID: 0}
    - target: {fileID: 145512512, guid: a15a48a3fda1f534aae2f5641616ad91, type: 3}
      propertyPath: m_LocalPosition.z
      value: -0.047
      objectReference: {fileID: 0}
    - target: {fileID: 145512512, guid: a15a48a3fda1f534aae2f5641616ad91, type: 3}
      propertyPath: m_LocalRotation.x
      value: -0.5092857
      objectReference: {fileID: 0}
    - target: {fileID: 145512512, guid: a15a48a3fda1f534aae2f5641616ad91, type: 3}
      propertyPath: m_LocalRotation.y
      value: 0.767859
      objectReference: {fileID: 0}
    - target: {fileID: 145512512, guid: a15a48a3fda1f534aae2f5641616ad91, type: 3}
      propertyPath: m_LocalRotation.z
      value: -0.014638596
      objectReference: {fileID: 0}
    - target: {fileID: 145512512, guid: a15a48a3fda1f534aae2f5641616ad91, type: 3}
      propertyPath: m_LocalRotation.w
      value: 0.38833818
      objectReference: {fileID: 0}
    - target: {fileID: 145512512, guid: a15a48a3fda1f534aae2f5641616ad91, type: 3}
      propertyPath: m_RootOrder
      value: 0
      objectReference: {fileID: 0}
    - target: {fileID: 145512512, guid: a15a48a3fda1f534aae2f5641616ad91, type: 3}
      propertyPath: m_LocalEulerAnglesHint.x
      value: -21.905
      objectReference: {fileID: 0}
    - target: {fileID: 145512512, guid: a15a48a3fda1f534aae2f5641616ad91, type: 3}
      propertyPath: m_LocalEulerAnglesHint.y
      value: 138.787
      objectReference: {fileID: 0}
    - target: {fileID: 145512512, guid: a15a48a3fda1f534aae2f5641616ad91, type: 3}
      propertyPath: m_LocalEulerAnglesHint.z
      value: -58.785004
      objectReference: {fileID: 0}
    - target: {fileID: 145512512, guid: a15a48a3fda1f534aae2f5641616ad91, type: 3}
      propertyPath: m_LocalScale.z
      value: 0.3
      objectReference: {fileID: 0}
    - target: {fileID: 3269330108970767483, guid: a15a48a3fda1f534aae2f5641616ad91,
        type: 3}
      propertyPath: timeBetweenBullets
      value: 0.1
      objectReference: {fileID: 0}
    - target: {fileID: 3269330108970767483, guid: a15a48a3fda1f534aae2f5641616ad91,
        type: 3}
      propertyPath: startingRounds
      value: 585959
      objectReference: {fileID: 0}
    m_RemovedComponents: []
  m_SourcePrefab: {fileID: 100100000, guid: a15a48a3fda1f534aae2f5641616ad91, type: 3}
--- !u!4 &507611960718030490 stripped
Transform:
  m_CorrespondingSourceObject: {fileID: 145512512, guid: a15a48a3fda1f534aae2f5641616ad91,
    type: 3}
  m_PrefabInstance: {fileID: 507611960594542298}
  m_PrefabAsset: {fileID: 0}
--- !u!4 &507611962400456596 stripped
Transform:
  m_CorrespondingSourceObject: {fileID: 1818497358, guid: a15a48a3fda1f534aae2f5641616ad91,
    type: 3}
  m_PrefabInstance: {fileID: 507611960594542298}
  m_PrefabAsset: {fileID: 0}
--- !u!1001 &507611960741706487
PrefabInstance:
  m_ObjectHideFlags: 0
  serializedVersion: 2
  m_Modification:
    m_TransformParent: {fileID: 507611961932444513}
    m_Modifications:
    - target: {fileID: 100000, guid: 0e2f4852e0b389746a89f6ff31b49486, type: 3}
      propertyPath: m_Name
      value: MachinePistol (1)
      objectReference: {fileID: 0}
    - target: {fileID: 400000, guid: 0e2f4852e0b389746a89f6ff31b49486, type: 3}
      propertyPath: m_LocalPosition.x
      value: 0.060000025
      objectReference: {fileID: 0}
    - target: {fileID: 400000, guid: 0e2f4852e0b389746a89f6ff31b49486, type: 3}
      propertyPath: m_LocalPosition.y
      value: 0.14600007
      objectReference: {fileID: 0}
    - target: {fileID: 400000, guid: 0e2f4852e0b389746a89f6ff31b49486, type: 3}
      propertyPath: m_LocalPosition.z
      value: -0.12200005
      objectReference: {fileID: 0}
    - target: {fileID: 400000, guid: 0e2f4852e0b389746a89f6ff31b49486, type: 3}
      propertyPath: m_LocalRotation.x
      value: -0.81977785
      objectReference: {fileID: 0}
    - target: {fileID: 400000, guid: 0e2f4852e0b389746a89f6ff31b49486, type: 3}
      propertyPath: m_LocalRotation.y
      value: 0.33475664
      objectReference: {fileID: 0}
    - target: {fileID: 400000, guid: 0e2f4852e0b389746a89f6ff31b49486, type: 3}
      propertyPath: m_LocalRotation.z
      value: 0.45375547
      objectReference: {fileID: 0}
    - target: {fileID: 400000, guid: 0e2f4852e0b389746a89f6ff31b49486, type: 3}
      propertyPath: m_LocalRotation.w
      value: 0.100041896
      objectReference: {fileID: 0}
    - target: {fileID: 400000, guid: 0e2f4852e0b389746a89f6ff31b49486, type: 3}
      propertyPath: m_RootOrder
      value: 1
      objectReference: {fileID: 0}
    - target: {fileID: 400000, guid: 0e2f4852e0b389746a89f6ff31b49486, type: 3}
      propertyPath: m_LocalEulerAnglesHint.x
      value: -27.893002
      objectReference: {fileID: 0}
    - target: {fileID: 400000, guid: 0e2f4852e0b389746a89f6ff31b49486, type: 3}
      propertyPath: m_LocalEulerAnglesHint.y
      value: -130.007
      objectReference: {fileID: 0}
    - target: {fileID: 400000, guid: 0e2f4852e0b389746a89f6ff31b49486, type: 3}
      propertyPath: m_LocalEulerAnglesHint.z
      value: 211.217
      objectReference: {fileID: 0}
    - target: {fileID: 400000, guid: 0e2f4852e0b389746a89f6ff31b49486, type: 3}
      propertyPath: m_LocalScale.x
      value: 0.12500006
      objectReference: {fileID: 0}
    - target: {fileID: 400000, guid: 0e2f4852e0b389746a89f6ff31b49486, type: 3}
      propertyPath: m_LocalScale.y
      value: 0.12500018
      objectReference: {fileID: 0}
    - target: {fileID: 400000, guid: 0e2f4852e0b389746a89f6ff31b49486, type: 3}
      propertyPath: m_LocalScale.z
      value: 0.12500007
      objectReference: {fileID: 0}
    m_RemovedComponents: []
  m_SourcePrefab: {fileID: 100100000, guid: 0e2f4852e0b389746a89f6ff31b49486, type: 3}
--- !u!4 &507611960741306487 stripped
Transform:
  m_CorrespondingSourceObject: {fileID: 400000, guid: 0e2f4852e0b389746a89f6ff31b49486,
    type: 3}
  m_PrefabInstance: {fileID: 507611960741706487}
  m_PrefabAsset: {fileID: 0}
--- !u!1001 &507611961752960214
PrefabInstance:
  m_ObjectHideFlags: 0
  serializedVersion: 2
  m_Modification:
    m_TransformParent: {fileID: 507611960893087419}
    m_Modifications:
    - target: {fileID: 1068386900687434585, guid: e845a1cdd8af16e41bf8c5d99353fbee,
        type: 3}
      propertyPath: m_Name
      value: bullet
      objectReference: {fileID: 0}
    - target: {fileID: 1068386900687434581, guid: e845a1cdd8af16e41bf8c5d99353fbee,
        type: 3}
      propertyPath: m_LocalPosition.x
      value: 0
      objectReference: {fileID: 0}
    - target: {fileID: 1068386900687434581, guid: e845a1cdd8af16e41bf8c5d99353fbee,
        type: 3}
      propertyPath: m_LocalPosition.y
      value: 0
      objectReference: {fileID: 0}
    - target: {fileID: 1068386900687434581, guid: e845a1cdd8af16e41bf8c5d99353fbee,
        type: 3}
      propertyPath: m_LocalPosition.z
      value: 0
      objectReference: {fileID: 0}
    - target: {fileID: 1068386900687434581, guid: e845a1cdd8af16e41bf8c5d99353fbee,
        type: 3}
      propertyPath: m_LocalRotation.x
      value: 0
      objectReference: {fileID: 0}
    - target: {fileID: 1068386900687434581, guid: e845a1cdd8af16e41bf8c5d99353fbee,
        type: 3}
      propertyPath: m_LocalRotation.y
      value: 0
      objectReference: {fileID: 0}
    - target: {fileID: 1068386900687434581, guid: e845a1cdd8af16e41bf8c5d99353fbee,
        type: 3}
      propertyPath: m_LocalRotation.z
      value: 0
      objectReference: {fileID: 0}
    - target: {fileID: 1068386900687434581, guid: e845a1cdd8af16e41bf8c5d99353fbee,
        type: 3}
      propertyPath: m_LocalRotation.w
      value: 1
      objectReference: {fileID: 0}
    - target: {fileID: 1068386900687434581, guid: e845a1cdd8af16e41bf8c5d99353fbee,
        type: 3}
      propertyPath: m_RootOrder
      value: 0
      objectReference: {fileID: 0}
    - target: {fileID: 1068386900687434581, guid: e845a1cdd8af16e41bf8c5d99353fbee,
        type: 3}
      propertyPath: m_LocalEulerAnglesHint.x
      value: 0
      objectReference: {fileID: 0}
    - target: {fileID: 1068386900687434581, guid: e845a1cdd8af16e41bf8c5d99353fbee,
        type: 3}
      propertyPath: m_LocalEulerAnglesHint.y
      value: 0
      objectReference: {fileID: 0}
    - target: {fileID: 1068386900687434581, guid: e845a1cdd8af16e41bf8c5d99353fbee,
        type: 3}
      propertyPath: m_LocalEulerAnglesHint.z
      value: 0
      objectReference: {fileID: 0}
    m_RemovedComponents: []
  m_SourcePrefab: {fileID: 100100000, guid: e845a1cdd8af16e41bf8c5d99353fbee, type: 3}
--- !u!4 &709539429376692099 stripped
Transform:
  m_CorrespondingSourceObject: {fileID: 1068386900687434581, guid: e845a1cdd8af16e41bf8c5d99353fbee,
    type: 3}
  m_PrefabInstance: {fileID: 507611961752960214}
  m_PrefabAsset: {fileID: 0}
--- !u!1001 &507611961830923878
PrefabInstance:
  m_ObjectHideFlags: 0
  serializedVersion: 2
  m_Modification:
    m_TransformParent: {fileID: 507611962400456596}
    m_Modifications:
    - target: {fileID: 1068386900687434585, guid: e845a1cdd8af16e41bf8c5d99353fbee,
        type: 3}
      propertyPath: m_Name
      value: bullet
      objectReference: {fileID: 0}
    - target: {fileID: 1068386900687434581, guid: e845a1cdd8af16e41bf8c5d99353fbee,
        type: 3}
      propertyPath: m_LocalPosition.x
      value: 0
      objectReference: {fileID: 0}
    - target: {fileID: 1068386900687434581, guid: e845a1cdd8af16e41bf8c5d99353fbee,
        type: 3}
      propertyPath: m_LocalPosition.y
      value: 0
      objectReference: {fileID: 0}
    - target: {fileID: 1068386900687434581, guid: e845a1cdd8af16e41bf8c5d99353fbee,
        type: 3}
      propertyPath: m_LocalPosition.z
      value: 0
      objectReference: {fileID: 0}
    - target: {fileID: 1068386900687434581, guid: e845a1cdd8af16e41bf8c5d99353fbee,
        type: 3}
      propertyPath: m_LocalRotation.x
      value: 0
      objectReference: {fileID: 0}
    - target: {fileID: 1068386900687434581, guid: e845a1cdd8af16e41bf8c5d99353fbee,
        type: 3}
      propertyPath: m_LocalRotation.y
      value: 0
      objectReference: {fileID: 0}
    - target: {fileID: 1068386900687434581, guid: e845a1cdd8af16e41bf8c5d99353fbee,
        type: 3}
      propertyPath: m_LocalRotation.z
      value: 0
      objectReference: {fileID: 0}
    - target: {fileID: 1068386900687434581, guid: e845a1cdd8af16e41bf8c5d99353fbee,
        type: 3}
      propertyPath: m_LocalRotation.w
      value: 1
      objectReference: {fileID: 0}
    - target: {fileID: 1068386900687434581, guid: e845a1cdd8af16e41bf8c5d99353fbee,
        type: 3}
      propertyPath: m_RootOrder
      value: 1
      objectReference: {fileID: 0}
    - target: {fileID: 1068386900687434581, guid: e845a1cdd8af16e41bf8c5d99353fbee,
        type: 3}
      propertyPath: m_LocalEulerAnglesHint.x
      value: 0
      objectReference: {fileID: 0}
    - target: {fileID: 1068386900687434581, guid: e845a1cdd8af16e41bf8c5d99353fbee,
        type: 3}
      propertyPath: m_LocalEulerAnglesHint.y
      value: 0
      objectReference: {fileID: 0}
    - target: {fileID: 1068386900687434581, guid: e845a1cdd8af16e41bf8c5d99353fbee,
        type: 3}
      propertyPath: m_LocalEulerAnglesHint.z
      value: 0
      objectReference: {fileID: 0}
    m_RemovedComponents: []
  m_SourcePrefab: {fileID: 100100000, guid: e845a1cdd8af16e41bf8c5d99353fbee, type: 3}
--- !u!1001 &507611962183533894
PrefabInstance:
  m_ObjectHideFlags: 0
  serializedVersion: 2
  m_Modification:
    m_TransformParent: {fileID: 507611962217405666}
    m_Modifications:
    - target: {fileID: 100052, guid: e3ab7dde851d63d4abf8a8ef8ead7fa8, type: 3}
      propertyPath: m_Name
      value: RedKid@T-Pose
      objectReference: {fileID: 0}
    - target: {fileID: 400050, guid: e3ab7dde851d63d4abf8a8ef8ead7fa8, type: 3}
      propertyPath: m_LocalRotation.y
      value: 0
      objectReference: {fileID: 0}
    - target: {fileID: 400050, guid: e3ab7dde851d63d4abf8a8ef8ead7fa8, type: 3}
      propertyPath: m_LocalRotation.z
      value: 0
      objectReference: {fileID: 0}
    - target: {fileID: 400050, guid: e3ab7dde851d63d4abf8a8ef8ead7fa8, type: 3}
      propertyPath: m_LocalPosition.x
      value: 0
      objectReference: {fileID: 0}
    - target: {fileID: 400050, guid: e3ab7dde851d63d4abf8a8ef8ead7fa8, type: 3}
      propertyPath: m_LocalPosition.y
      value: -0.095
      objectReference: {fileID: 0}
    - target: {fileID: 400052, guid: e3ab7dde851d63d4abf8a8ef8ead7fa8, type: 3}
      propertyPath: m_LocalPosition.x
      value: 0
      objectReference: {fileID: 0}
    - target: {fileID: 400052, guid: e3ab7dde851d63d4abf8a8ef8ead7fa8, type: 3}
      propertyPath: m_LocalPosition.y
      value: -0.97
      objectReference: {fileID: 0}
    - target: {fileID: 400052, guid: e3ab7dde851d63d4abf8a8ef8ead7fa8, type: 3}
      propertyPath: m_LocalPosition.z
      value: 0
      objectReference: {fileID: 0}
    - target: {fileID: 400052, guid: e3ab7dde851d63d4abf8a8ef8ead7fa8, type: 3}
      propertyPath: m_LocalRotation.x
      value: -0
      objectReference: {fileID: 0}
    - target: {fileID: 400052, guid: e3ab7dde851d63d4abf8a8ef8ead7fa8, type: 3}
      propertyPath: m_LocalRotation.y
      value: -0
      objectReference: {fileID: 0}
    - target: {fileID: 400052, guid: e3ab7dde851d63d4abf8a8ef8ead7fa8, type: 3}
      propertyPath: m_LocalRotation.z
      value: -0
      objectReference: {fileID: 0}
    - target: {fileID: 400052, guid: e3ab7dde851d63d4abf8a8ef8ead7fa8, type: 3}
      propertyPath: m_LocalRotation.w
      value: 1
      objectReference: {fileID: 0}
    - target: {fileID: 400052, guid: e3ab7dde851d63d4abf8a8ef8ead7fa8, type: 3}
      propertyPath: m_RootOrder
      value: 0
      objectReference: {fileID: 0}
    - target: {fileID: 400052, guid: e3ab7dde851d63d4abf8a8ef8ead7fa8, type: 3}
      propertyPath: m_LocalEulerAnglesHint.x
      value: 0
      objectReference: {fileID: 0}
    - target: {fileID: 400052, guid: e3ab7dde851d63d4abf8a8ef8ead7fa8, type: 3}
      propertyPath: m_LocalEulerAnglesHint.y
      value: 0
      objectReference: {fileID: 0}
    - target: {fileID: 400052, guid: e3ab7dde851d63d4abf8a8ef8ead7fa8, type: 3}
      propertyPath: m_LocalEulerAnglesHint.z
      value: 0
      objectReference: {fileID: 0}
    - target: {fileID: 400052, guid: e3ab7dde851d63d4abf8a8ef8ead7fa8, type: 3}
      propertyPath: m_LocalScale.x
      value: 2
      objectReference: {fileID: 0}
    - target: {fileID: 400052, guid: e3ab7dde851d63d4abf8a8ef8ead7fa8, type: 3}
      propertyPath: m_LocalScale.y
      value: 2
      objectReference: {fileID: 0}
    - target: {fileID: 400052, guid: e3ab7dde851d63d4abf8a8ef8ead7fa8, type: 3}
      propertyPath: m_LocalScale.z
      value: 2
      objectReference: {fileID: 0}
    - target: {fileID: 9500000, guid: e3ab7dde851d63d4abf8a8ef8ead7fa8, type: 3}
      propertyPath: m_Controller
      value: 
      objectReference: {fileID: 9100000, guid: b23850eb593bf4a43809e011bdd68251, type: 2}
    - target: {fileID: 13700000, guid: e3ab7dde851d63d4abf8a8ef8ead7fa8, type: 3}
      propertyPath: m_ReceiveShadows
      value: 0
      objectReference: {fileID: 0}
    - target: {fileID: 13700000, guid: e3ab7dde851d63d4abf8a8ef8ead7fa8, type: 3}
      propertyPath: m_Bones.Array.data[0]
      value: 
      objectReference: {fileID: 507611962183933918}
    - target: {fileID: 13700000, guid: e3ab7dde851d63d4abf8a8ef8ead7fa8, type: 3}
      propertyPath: m_Bones.Array.data[1]
      value: 
      objectReference: {fileID: 507611962183933894}
    - target: {fileID: 13700000, guid: e3ab7dde851d63d4abf8a8ef8ead7fa8, type: 3}
      propertyPath: m_Bones.Array.data[2]
      value: 
      objectReference: {fileID: 507611962183933932}
    - target: {fileID: 13700000, guid: e3ab7dde851d63d4abf8a8ef8ead7fa8, type: 3}
      propertyPath: m_Bones.Array.data[3]
      value: 
      objectReference: {fileID: 507611962183933890}
    - target: {fileID: 13700000, guid: e3ab7dde851d63d4abf8a8ef8ead7fa8, type: 3}
      propertyPath: m_Bones.Array.data[4]
      value: 
      objectReference: {fileID: 507611962183933904}
    - target: {fileID: 13700000, guid: e3ab7dde851d63d4abf8a8ef8ead7fa8, type: 3}
      propertyPath: m_Bones.Array.data[5]
      value: 
      objectReference: {fileID: 507611962183933922}
    - target: {fileID: 13700000, guid: e3ab7dde851d63d4abf8a8ef8ead7fa8, type: 3}
      propertyPath: m_Bones.Array.data[6]
      value: 
      objectReference: {fileID: 507611962183933942}
    - target: {fileID: 13700000, guid: e3ab7dde851d63d4abf8a8ef8ead7fa8, type: 3}
      propertyPath: m_Bones.Array.data[7]
      value: 
      objectReference: {fileID: 507611962183933916}
    - target: {fileID: 13700000, guid: e3ab7dde851d63d4abf8a8ef8ead7fa8, type: 3}
      propertyPath: m_Bones.Array.data[8]
      value: 
      objectReference: {fileID: 507611962183933910}
    - target: {fileID: 13700000, guid: e3ab7dde851d63d4abf8a8ef8ead7fa8, type: 3}
      propertyPath: m_Bones.Array.data[9]
      value: 
      objectReference: {fileID: 507611962183933888}
    - target: {fileID: 13700000, guid: e3ab7dde851d63d4abf8a8ef8ead7fa8, type: 3}
      propertyPath: m_Bones.Array.data[10]
      value: 
      objectReference: {fileID: 507611962183933924}
    - target: {fileID: 13700000, guid: e3ab7dde851d63d4abf8a8ef8ead7fa8, type: 3}
      propertyPath: m_Bones.Array.data[11]
      value: 
      objectReference: {fileID: 507611962183933914}
    - target: {fileID: 13700000, guid: e3ab7dde851d63d4abf8a8ef8ead7fa8, type: 3}
      propertyPath: m_Bones.Array.data[12]
      value: 
      objectReference: {fileID: 507611962183933934}
    - target: {fileID: 13700000, guid: e3ab7dde851d63d4abf8a8ef8ead7fa8, type: 3}
      propertyPath: m_Bones.Array.data[13]
      value: 
      objectReference: {fileID: 507611962183933896}
    - target: {fileID: 13700000, guid: e3ab7dde851d63d4abf8a8ef8ead7fa8, type: 3}
      propertyPath: m_Bones.Array.data[14]
      value: 
      objectReference: {fileID: 507611962183933902}
    - target: {fileID: 13700000, guid: e3ab7dde851d63d4abf8a8ef8ead7fa8, type: 3}
      propertyPath: m_Bones.Array.data[15]
      value: 
      objectReference: {fileID: 507611962183933906}
    - target: {fileID: 13700000, guid: e3ab7dde851d63d4abf8a8ef8ead7fa8, type: 3}
      propertyPath: m_Bones.Array.data[16]
      value: 
      objectReference: {fileID: 507611962183933926}
    - target: {fileID: 13700000, guid: e3ab7dde851d63d4abf8a8ef8ead7fa8, type: 3}
      propertyPath: m_Bones.Array.data[17]
      value: 
      objectReference: {fileID: 507611962183933912}
    - target: {fileID: 13700000, guid: e3ab7dde851d63d4abf8a8ef8ead7fa8, type: 3}
      propertyPath: m_Bones.Array.data[18]
      value: 
      objectReference: {fileID: 507611962183933898}
    - target: {fileID: 13700000, guid: e3ab7dde851d63d4abf8a8ef8ead7fa8, type: 3}
      propertyPath: m_Bones.Array.data[19]
      value: 
      objectReference: {fileID: 507611962183933900}
    - target: {fileID: 13700000, guid: e3ab7dde851d63d4abf8a8ef8ead7fa8, type: 3}
      propertyPath: m_Bones.Array.data[20]
      value: 
      objectReference: {fileID: 507611962183933930}
    - target: {fileID: 13700000, guid: e3ab7dde851d63d4abf8a8ef8ead7fa8, type: 3}
      propertyPath: m_RootBone
      value: 
      objectReference: {fileID: 507611962183933890}
    - target: {fileID: 400046, guid: e3ab7dde851d63d4abf8a8ef8ead7fa8, type: 3}
      propertyPath: m_LocalRotation.x
      value: -0
      objectReference: {fileID: 0}
    - target: {fileID: 400046, guid: e3ab7dde851d63d4abf8a8ef8ead7fa8, type: 3}
      propertyPath: m_LocalPosition.x
      value: -4.3655968e-11
      objectReference: {fileID: 0}
    - target: {fileID: 400046, guid: e3ab7dde851d63d4abf8a8ef8ead7fa8, type: 3}
      propertyPath: m_LocalPosition.z
      value: 2.910383e-11
      objectReference: {fileID: 0}
    - target: {fileID: 400048, guid: e3ab7dde851d63d4abf8a8ef8ead7fa8, type: 3}
      propertyPath: m_LocalRotation.x
      value: -0
      objectReference: {fileID: 0}
    - target: {fileID: 400048, guid: e3ab7dde851d63d4abf8a8ef8ead7fa8, type: 3}
      propertyPath: m_LocalPosition.x
      value: 4.3655524e-11
      objectReference: {fileID: 0}
    - target: {fileID: 400048, guid: e3ab7dde851d63d4abf8a8ef8ead7fa8, type: 3}
      propertyPath: m_LocalPosition.y
      value: 0.045288242
      objectReference: {fileID: 0}
    - target: {fileID: 400048, guid: e3ab7dde851d63d4abf8a8ef8ead7fa8, type: 3}
      propertyPath: m_LocalPosition.z
      value: 2.910383e-11
      objectReference: {fileID: 0}
    m_RemovedComponents: []
  m_SourcePrefab: {fileID: 100100000, guid: e3ab7dde851d63d4abf8a8ef8ead7fa8, type: 3}
--- !u!4 &507611962183933938 stripped
Transform:
  m_CorrespondingSourceObject: {fileID: 400052, guid: e3ab7dde851d63d4abf8a8ef8ead7fa8,
    type: 3}
  m_PrefabInstance: {fileID: 507611962183533894}
  m_PrefabAsset: {fileID: 0}
--- !u!4 &507611962183933890 stripped
Transform:
  m_CorrespondingSourceObject: {fileID: 400004, guid: e3ab7dde851d63d4abf8a8ef8ead7fa8,
    type: 3}
  m_PrefabInstance: {fileID: 507611962183533894}
  m_PrefabAsset: {fileID: 0}
--- !u!4 &507611962183933904 stripped
Transform:
  m_CorrespondingSourceObject: {fileID: 400022, guid: e3ab7dde851d63d4abf8a8ef8ead7fa8,
    type: 3}
  m_PrefabInstance: {fileID: 507611962183533894}
  m_PrefabAsset: {fileID: 0}
--- !u!4 &507611962183933926 stripped
Transform:
  m_CorrespondingSourceObject: {fileID: 400032, guid: e3ab7dde851d63d4abf8a8ef8ead7fa8,
    type: 3}
  m_PrefabInstance: {fileID: 507611962183533894}
  m_PrefabAsset: {fileID: 0}
--- !u!4 &507611962183933912 stripped
Transform:
  m_CorrespondingSourceObject: {fileID: 400030, guid: e3ab7dde851d63d4abf8a8ef8ead7fa8,
    type: 3}
  m_PrefabInstance: {fileID: 507611962183533894}
  m_PrefabAsset: {fileID: 0}
--- !u!4 &507611962183933916 stripped
Transform:
  m_CorrespondingSourceObject: {fileID: 400026, guid: e3ab7dde851d63d4abf8a8ef8ead7fa8,
    type: 3}
  m_PrefabInstance: {fileID: 507611962183533894}
  m_PrefabAsset: {fileID: 0}
--- !u!4 &507611962183933900 stripped
Transform:
  m_CorrespondingSourceObject: {fileID: 400010, guid: e3ab7dde851d63d4abf8a8ef8ead7fa8,
    type: 3}
  m_PrefabInstance: {fileID: 507611962183533894}
  m_PrefabAsset: {fileID: 0}
--- !u!4 &507611962183933888 stripped
Transform:
  m_CorrespondingSourceObject: {fileID: 400006, guid: e3ab7dde851d63d4abf8a8ef8ead7fa8,
    type: 3}
  m_PrefabInstance: {fileID: 507611962183533894}
  m_PrefabAsset: {fileID: 0}
--- !u!4 &507611962183933910 stripped
Transform:
  m_CorrespondingSourceObject: {fileID: 400016, guid: e3ab7dde851d63d4abf8a8ef8ead7fa8,
    type: 3}
  m_PrefabInstance: {fileID: 507611962183533894}
  m_PrefabAsset: {fileID: 0}
--- !u!4 &507611962183933942 stripped
Transform:
  m_CorrespondingSourceObject: {fileID: 400048, guid: e3ab7dde851d63d4abf8a8ef8ead7fa8,
    type: 3}
  m_PrefabInstance: {fileID: 507611962183533894}
  m_PrefabAsset: {fileID: 0}
--- !u!4 &507611962183933930 stripped
Transform:
  m_CorrespondingSourceObject: {fileID: 400044, guid: e3ab7dde851d63d4abf8a8ef8ead7fa8,
    type: 3}
  m_PrefabInstance: {fileID: 507611962183533894}
  m_PrefabAsset: {fileID: 0}
--- !u!4 &507611962183933934 stripped
Transform:
  m_CorrespondingSourceObject: {fileID: 400040, guid: e3ab7dde851d63d4abf8a8ef8ead7fa8,
    type: 3}
  m_PrefabInstance: {fileID: 507611962183533894}
  m_PrefabAsset: {fileID: 0}
--- !u!4 &507611962183933914 stripped
Transform:
  m_CorrespondingSourceObject: {fileID: 400028, guid: e3ab7dde851d63d4abf8a8ef8ead7fa8,
    type: 3}
  m_PrefabInstance: {fileID: 507611962183533894}
  m_PrefabAsset: {fileID: 0}
--- !u!4 &507611962183933924 stripped
Transform:
  m_CorrespondingSourceObject: {fileID: 400034, guid: e3ab7dde851d63d4abf8a8ef8ead7fa8,
    type: 3}
  m_PrefabInstance: {fileID: 507611962183533894}
  m_PrefabAsset: {fileID: 0}
--- !u!4 &507611962183933932 stripped
Transform:
  m_CorrespondingSourceObject: {fileID: 400042, guid: e3ab7dde851d63d4abf8a8ef8ead7fa8,
    type: 3}
  m_PrefabInstance: {fileID: 507611962183533894}
  m_PrefabAsset: {fileID: 0}
--- !u!4 &507611962183933906 stripped
Transform:
  m_CorrespondingSourceObject: {fileID: 400020, guid: e3ab7dde851d63d4abf8a8ef8ead7fa8,
    type: 3}
  m_PrefabInstance: {fileID: 507611962183533894}
  m_PrefabAsset: {fileID: 0}
--- !u!4 &507611962183933894 stripped
Transform:
  m_CorrespondingSourceObject: {fileID: 400000, guid: e3ab7dde851d63d4abf8a8ef8ead7fa8,
    type: 3}
  m_PrefabInstance: {fileID: 507611962183533894}
  m_PrefabAsset: {fileID: 0}
--- !u!4 &507611962183933902 stripped
Transform:
  m_CorrespondingSourceObject: {fileID: 400008, guid: e3ab7dde851d63d4abf8a8ef8ead7fa8,
    type: 3}
  m_PrefabInstance: {fileID: 507611962183533894}
  m_PrefabAsset: {fileID: 0}
--- !u!4 &507611962183933896 stripped
Transform:
  m_CorrespondingSourceObject: {fileID: 400014, guid: e3ab7dde851d63d4abf8a8ef8ead7fa8,
    type: 3}
  m_PrefabInstance: {fileID: 507611962183533894}
  m_PrefabAsset: {fileID: 0}
--- !u!4 &507611962183933922 stripped
Transform:
  m_CorrespondingSourceObject: {fileID: 400036, guid: e3ab7dde851d63d4abf8a8ef8ead7fa8,
    type: 3}
  m_PrefabInstance: {fileID: 507611962183533894}
  m_PrefabAsset: {fileID: 0}
--- !u!4 &507611962183933898 stripped
Transform:
  m_CorrespondingSourceObject: {fileID: 400012, guid: e3ab7dde851d63d4abf8a8ef8ead7fa8,
    type: 3}
  m_PrefabInstance: {fileID: 507611962183533894}
  m_PrefabAsset: {fileID: 0}
--- !u!4 &507611962183933918 stripped
Transform:
  m_CorrespondingSourceObject: {fileID: 400024, guid: e3ab7dde851d63d4abf8a8ef8ead7fa8,
    type: 3}
  m_PrefabInstance: {fileID: 507611962183533894}
  m_PrefabAsset: {fileID: 0}
